<?xml version="1.0" encoding="UTF-8"?>
<record xmlns="http://www.loc.gov/MARC21/slim">
  <leader>01647nam a2200373 a 4500</leader>
  <controlfield tag="001">3214911</controlfield>
  <controlfield tag="007">he amb---bbcp</controlfield>
  <controlfield tag="007">he bmb---baap</controlfield>
  <controlfield tag="008">841004s1831    onc     b     000 0 oji d</controlfield>
  <datafield tag="020" ind1=" " ind2=" ">
    <subfield code="a">0665279795</subfield>
  </datafield>
  <datafield tag="035" ind1=" " ind2=" ">
    <subfield code="a">ocm11331354</subfield>
  </datafield>
  <datafield tag="040" ind1=" " ind2=" ">
    <subfield code="a">CaOOCIHM</subfield>
    <subfield code="b">eng</subfield>
    <subfield code="d">AEU</subfield>
  </datafield>
  <datafield tag="082" ind1="0" ind2=" ">
    <subfield code="a">220.5973</subfield>
    <subfield code="2">19</subfield>
  </datafield>
  <datafield tag="090" ind1=" " ind2=" ">
    <subfield code="a">FC 02 0203 no. 27979</subfield>
    <subfield code="b">AEU</subfield>
  </datafield>
  <datafield tag="130" ind1="0" ind2=" ">
    <subfield code="a">Bible.</subfield>
    <subfield code="p">N.T.</subfield>
    <subfield code="p">Matthew.</subfield>
    <subfield code="l">Chippewa.</subfield>
    <subfield code="s">Jones-Jones.</subfield>
    <subfield code="f">1831.</subfield>
  </datafield>
  <datafield tag="245" ind1="1" ind2="0">
    <subfield code="a">Mesah oowh menwahjemoowin kahenahjemood owh St. Matthew</subfield>
    <subfield code="h">[microform] :</subfield>
    <subfield code="b">kahkewagwonnaby kiya tyentennagen kahahnekahnootahmoobeungig keahnoonegoowod enewh York Auxiliary Bible Society.</subfield>
  </datafield>
  <datafield tag="260" ind1=" " ind2=" ">
    <subfield code="a">[York? :</subfield>
    <subfield code="b">s.n.],</subfield>
    <subfield code="c">1831</subfield>
    <subfield code="e">(York [Toronto] :</subfield>
    <subfield code="f">J. Baxter)</subfield>
  </datafield>
  <datafield tag="300" ind1=" " ind2=" ">
    <subfield code="a">1 microfiche (37 fr.).</subfield>
  </datafield>
  <datafield tag="490" ind1="1" ind2=" ">
    <subfield code="a">CIHM/ICMH Microfiche series = CIHM/ICMH collection de microfiches ;</subfield>
    <subfield code="v">no. 27979</subfield>
  </datafield>
  <datafield tag="500" ind1=" " ind2=" ">
    <subfield code="a">Text in Chippewa.</subfield>
  </datafield>
  <datafield tag="500" ind1=" " ind2=" ">
    <subfield code="a">Translated by Peter Jones and John Jones--A bibliography of the Algonquian languages / J.C. Pilling.</subfield>
  </datafield>
  <datafield tag="533" ind1=" " ind2=" ">
    <subfield code="a">Filmed from a copy of the original publication held by the National Library of Canada.</subfield>
    <subfield code="b">Ottawa :</subfield>
    <subfield code="c">Canadian Institute for Historical Microreproductions,</subfield>
    <subfield code="d">1982.</subfield>
  </datafield>
  <datafield tag="534" ind1=" " ind2=" ">
    <subfield code="e">67 p. ; 22 cm.</subfield>
  </datafield>
  <datafield tag="596" ind1=" " ind2=" ">
    <subfield code="a">43</subfield>
  </datafield>
  <datafield tag="630" ind1="0" ind2="0">
    <subfield code="a">Bible.</subfield>
    <subfield code="p">N.T.</subfield>
    <subfield code="p">Matthew.</subfield>
    <subfield code="l">Chippewa.</subfield>
    <subfield code="s">Jones-Jones.</subfield>
    <subfield code="f">1831.</subfield>
  </datafield>
  <datafield tag="630" ind1="0" ind2="6">
    <subfield code="a">Bible.</subfield>
    <subfield code="p">N.T.</subfield>
    <subfield code="p">Mathieu.</subfield>
    <subfield code="l">Sauteux.</subfield>
    <subfield code="s">Jones-Jones.</subfield>
    <subfield code="f">1831.</subfield>
  </datafield>
  <datafield tag="650" ind1=" " ind2="0">
    <subfield code="a">Chippewa language</subfield>
    <subfield code="x">Texts.</subfield>
  </datafield>
  <datafield tag="650" ind1=" " ind2="6">
    <subfield code="a">Ojibwa (Langue)</subfield>
    <subfield code="x">Textes.</subfield>
  </datafield>
  <datafield tag="700" ind1="1" ind2=" ">
    <subfield code="a">Jones, Peter,</subfield>
    <subfield code="d">1802-1856.</subfield>
  </datafield>
  <datafield tag="700" ind1="1" ind2=" ">
    <subfield code="a">Jones, John.</subfield>
  </datafield>
  <datafield tag="830" ind1=" " ind2="0">
    <subfield code="a">CIHM/ICMH microfiche series ;</subfield>
    <subfield code="v">no. 27979</subfield>
  </datafield>
  <datafield tag="949" ind1=" " ind2=" ">
    <subfield code="h">UAHS-MF</subfield>
    <subfield code="z">CIHMMPRE</subfield>
  </datafield>
  <datafield tag="016" ind1=" " ind2=" ">
    <subfield code="a"> 846236818</subfield>
  </datafield>
  <datafield tag="926" ind1=" " ind2=" ">
    <subfield code="a">UAHSS</subfield>
    <subfield code="b">MICROFICHE</subfield>
    <subfield code="c">FC 02 0203 no. 27979</subfield>
    <subfield code="d">MICROFORM</subfield>
    <subfield code="f">1</subfield>
  </datafield>
</record>
